@Article{sala2000biodiversity,
  title = {Biodiversity - {Global} biodiversity scenarios for the year 2100},
  volume = {287},
  url = {://000085775300030},
  number = {5459},
  journal = {Science},
  author = {O E Sala and F S Chapin and J J Armesto and E Berlow and J Bloomfield and R Dirzo and E Huber-Sanwald and L F Huenneke and R B Jackson and A Kinzig and R Leemans and D M Lodge and H A Mooney and M Oesterheld and N L Poff and M T Sykes and B H Walker and M Walker and D H Wall},
  year = {2000},
  pages = {1770--1774},
}
