@Book{naeem2009biodiversity,
  title = {Biodiversity, ecosystem functioning, and human wellbeing: an ecological and economic perspective},
  publisher = {Oxford University Press, {USA}},
  author = {S Naeem and D E Bunker and A Hector},
  year = {2009},
}
